@book{hejlsberg2006c,
  title={The C\# programming language},
  author={Hejlsberg, Anders and Wiltamuth, Scott and Golde, Peter},
  year={2006},
  publisher={Adobe Press},
  address={New York, USA}
}

@inproceedings{buchmann2004fingartips,
  title={FingARtips: gesture based direct manipulation in Augmented Reality},
  author={Buchmann, Volkert and Violich, Stephen and Billinghurst, Mark and Cockburn, Andy},
  booktitle={Proceedings of the 2nd international conference on Computer graphics and interactive techniques in Australasia and South East Asia},
  pages={212--221},
  year={2004},
  organization={ACM},
  address={Suntec City, Singapore}
}

@inproceedings{jacob2008reality,
  title={Reality-based interaction: a framework for post-WIMP interfaces},
  author={Jacob, Robert JK and Girouard, Audrey and Hirshfield, Leanne M and Horn, Michael S and Shaer, Orit and Solovey, Erin Treacy and Zigelbaum, Jamie},
  booktitle={Proceedings of the SIGCHI conference on Human factors in computing systems},
  pages={201--210},
  year={2008},
  organization={ACM},
  address={Montreal, Canada}
}

@article{van1997post,
  title={Post-WIMP user interfaces},
  author={Van Dam, Andries},
  journal={Communications of the ACM},
  volume={40},
  number={2},
  pages={63--67},
  year={1997},
  publisher={ACM}
}

@article{pellan2009authoring,
  title={Authoring of scalable multimedia documents},
  author={Pellan, Beno{\^\i}t and Concolato, Cyril},
  journal={Multimedia Tools and Applications},
  volume={43},
  number={3},
  pages={225--252},
  year={2009},
  publisher={Springer}
}

@book{graham1995html,
  title={The HTML sourcebook},
  author={Graham, Ian S},
  year={1995},
  publisher={John Wiley \& Sons, Inc.},
  address={New York, USA}
}

@article{rutledge2001smil,
  title={SMIL 2.0: XML for Web multimedia},
  author={Rutledge, Lloyd},
  journal={IEEE Internet Computing},
  volume={5},
  number={5},
  pages={78--84},
  year={2001},
  publisher={IEEE}
}

@book{soares2009programando,
  title={Programando em NCL 3.0: desenvolvimento de aplica{\c{c}}oes para middleware Ginga: TV digital e Web},
  author={Soares, LUIZ FERNANDO GOMES SOARES},
  year={2009},
  publisher={Elsevier},
  address={Rio de Janeiro, Brasil}
}

@article{carmigniani2011augmented,
  title={Augmented reality technologies, systems and applications},
  author={Carmigniani, Julie and Furht, Borko and Anisetti, Marco and Ceravolo, Paolo and Damiani, Ernesto and Ivkovic, Misa},
  journal={Multimedia tools and applications},
  volume={51},
  number={1},
  pages={341--377},
  year={2011},
  publisher={Springer}
}

@article{balog2010role,
  title={The role of perceived enjoyment in the students’ acceptance of an augmented reality teaching platform: A structural equation modelling approach},
  author={Balog, Alexandru and Pribeanu, Costin},
  journal={Studies in Informatics and Control},
  volume={19},
  number={3},
  pages={319--330},
  year={2010}
}

@inproceedings{haugstvedt2012mobile,
  title={Mobile augmented reality for cultural heritage: A technology acceptance study},
  author={Haugstvedt, Anne-Cecilie and Krogstie, John},
  booktitle={Mixed and Augmented Reality (ISMAR), 2012 IEEE International Symposium on},
  pages={247--255},
  year={2012},
  organization={IEEE}
}

@article{wojciechowski2013evaluation,
  title={Evaluation of learners’ attitude toward learning in ARIES augmented reality environments},
  author={Wojciechowski, Rafa{\l} and Cellary, Wojciech},
  journal={Computers \& Education},
  volume={68},
  pages={570--585},
  year={2013},
  publisher={Elsevier}
}

@software{unity,
  title = {Unity 3D},
  author = {UnityTechnologies},
  url = {https://unity3d.com/},
  version = {2017.1.1},
  year = {2018}
}

@software{vuforia,
  title = {Vuforia Augmented Reality SDK},
  author = {PTCInc},
  url = {https://www.vuforia.com/},
  year = {2018},
}

@article{soares_nested_2005,
  title={Nested Context Model 3.0},
  author={Soares, Luiz Fernando Gomes and Rodrigues, Rog{\'e}rio Ferreira and de Resende Costa, Romualdo Monteiro},
  journal={Monographs in Computer Sciences},
  number={18/05},
  pages={35},
  year={2005}
}

@article{azevedo2014composer,
  title={Composer: meeting non-functional aspects of hypermedia authoring environment},
  author={Azevedo, Roberto Gerson A and Ara{\'u}jo, Eduardo Cruz and Lima, Bruno and Soares, Luiz Fernando G and Moreno, Marcelo F},
  journal={Multimedia tools and applications},
  volume={70},
  number={2},
  pages={1199--1228},
  year={2014},
  publisher={Springer}
}

@inproceedings{laiola2008visual,
  title={A visual approach for modeling spatiotemporal relations},
  author={Laiola Guimar{\~a}es, Rodrigo and de Salles Soares Neto, Carlos and Gomes Soares, Luiz Fernando},
  booktitle={Proceedings of the eighth ACM symposium on Document engineering},
  pages={285--288},
  year={2008},
  organization={ACM},
  address={São Paulo, Brasil}
}

@misc{abnt201115606,
  title={15606-2, 2011. Digital Terrestrial Television-Data Coding and Transmission Specification for Digital Broadcasting-Part 2: Ginga-NCL for fixed and mobile receivers-XML application language for application coding},
  author={ABNT, NBR},
  year={2011},
  address={S{\~a}o Paulo, Brasil},
  publisher={ABNT}
}

@article{santoso2012arkanoid,
  title={ARkanoid: Development of 3D game and handheld augmented reality},
  author={Santoso, Markus and Gook, Lee Byung},
  journal={Visual Content Department, Dongseo University, South Korea},
  year={2012},
  publisher={Citeseer}
}

@inproceedings{kim2014using,
  title={Using Unity 3D to facilitate mobile augmented reality game development},
  author={Kim, Sung Lae and Suk, Hae Jung and Kang, Jeong Hwa and Jung, Jun Mo and Laine, Teemu H and Westlin, Joonas},
  booktitle={2014 IEEE World Forum on Internet of Things (WF-IoT)},
  pages={21--26},
  year={2014},
  organization={IEEE}
}

@article{zarzuela2013mobile,
  title={Mobile serious game using augmented reality for supporting children's learning about animals},
  author={Zarzuela, Mario Mart{\'\i}nez and Pernas, Francisco J D{\'\i}az and Mart{\'\i}nez, Leire Barroso and Ortega, David Gonz{\'a}lez and Rodr{\'\i}guez, Miriam Ant{\'o}n},
  journal={Procedia computer science},
  volume={25},
  pages={375--381},
  year={2013},
  publisher={Elsevier}
}

@misc{itu761,
  title={H. 761, Nested Context Language (NCL) and Ginga-NCL for IPTV Services, Geneva, Apr. 2009},
  author={ITU-T},
  year={2009} 
}

@article{soares_ginga-ncl_2010,
	title = {Ginga-{NCL}: {Declarative} middleware for multimedia {IPTV} services},
	volume = {48},
	issn = {0163-6804},
	shorttitle = {Ginga-{NCL}},
	url = {http://ieeexplore.ieee.org/document/5473867/},
	doi = {10.1109/MCOM.2010.5473867},
	number = {6},
	urldate = {2018-02-15},
	journal = {IEEE Communications Magazine},
	author = {Gomes Soares, Luiz and Moreno, Marcio and Salles Soares Neto, Carlos and Moreno, Marcelo},
	month = jun,
	year = {2010},
	pages = {74--81}
}

@inproceedings{melo_webncl_2012,
 author = {Melo, Erick Lazaro and Viel, Caio C{\'e}sar and Teixeira, Cesar Augusto Camillo and Rondon, Alexandre Coelho and Silva, Daniel de Paula and Rodrigues, Danilo Gasques and Silva, Endril Capelli},
 title = {WebNCL: A Web-based Presentation Machine for Multimedia Documents},
 booktitle = {Proceedings of the 18th Brazilian Symposium on Multimedia and the Web},
 series = {WebMedia '12},
 year = {2012},
 isbn = {978-1-4503-1706-1},
 location = {S\&\#227;o Paulo/SP, Brasil},
 pages = {403--410},
 numpages = {8},
 url = {http://doi.acm.org/10.1145/2382636.2382719},
 doi = {10.1145/2382636.2382719},
 acmid = {2382719},
 publisher = {ACM},
 address = {New York, NY, USA},
 keywords = {HTML5, NCL, multimedia, presentation machine},
}

@inproceedings{silva_ncl4web_2013,
 author = {Silva, Esdras Caleb Oliveira and dos Santos, Joel A. F. and Muchaluat-Saade, D{\'e}bora C.},
 title = {NCL4WEB: Translating NCL Applications to HTML5 Web Pages},
 booktitle = {Proceedings of the 2013 ACM Symposium on Document Engineering},
 series = {DocEng '13},
 year = {2013},
 isbn = {978-1-4503-1789-4},
 location = {Florence, Italy},
 pages = {253--262},
 numpages = {10},
 url = {http://doi.acm.org/10.1145/2494266.2494273},
 doi = {10.1145/2494266.2494273},
 acmid = {2494273},
 publisher = {ACM},
 address = {New York, NY, USA},
 keywords = {html5, iptv, multimedia synchronization, ncl, ncl4web, xslt},
}

%%% MM Authoring Tools %%%
@article{bulterman_grins_1998,
	title = {{GRiNS}: {A} {GRaphical} {INterface} for creating and playing {SMIL} documents},
	volume = {30},
	issn = {01697552},
	shorttitle = {{GRiNS}},
	url = {http://linkinghub.elsevier.com/retrieve/pii/S0169755298001287},
	doi = {10.1016/S0169-7552(98)00128-7},
	language = {en},
	number = {1-7},
	urldate = {2016-11-19},
	journal = {Computer Networks and ISDN Systems},
	author = {Bulterman, Dick C.A. and Hardman, Lynda and Jansen, Jack and Mullender, K.Sjoerd and Rutledge, Lloyd},
	month = apr,
	year = {1998},
	pages = {519--529}
}


@article{deltour2005limsee2,
  title={LimSee2: A Cross-Platform SMIL2. 0 Authoring Tool},
  author={Deltour, Romain and Layaida, Nabil and Weck, Daniel},
  journal={The European Research Consortium for Informatics and Mathematics--ERCIM News},
  volume={62},
  year={2005}
}


@inproceedings{paulo_de_mattos_next_2013,
	title = {{NEXT}: graphical editor for authoring {NCL} documents supporting composite templates},
	isbn = {978-1-4503-1951-5},
	shorttitle = {{NEXT}},
	url = {http://dl.acm.org/citation.cfm?doid=2465958.2465964},
	doi = {10.1145/2465958.2465964},
	language = {en},
	urldate = {2018-02-02},
	publisher = {ACM Press},
	author = {Paulo de Mattos, Douglas and Varanda da Silva, Júlia and Muchaluat-Saade, Débora Christina},
	year = {2013},
	pages = {89}
}

@article{azevedo_composer_2014,
	title = {Composer: meeting non-functional aspects of hypermedia authoring environment},
	volume = {70},
	issn = {1380-7501, 1573-7721},
	shorttitle = {Composer},
	url = {http://link.springer.com/10.1007/s11042-012-1216-8},
	doi = {10.1007/s11042-012-1216-8},
	language = {en},
	number = {2},
	urldate = {2014-07-22},
	journal = {Multimedia Tools and Applications},
	author = {Azevedo, R. G. de A. and Araújo, E. C. and Lima, Bruno and
    Soares, L. F. G. and Moreno, M. F.},
	month = may,
	year = {2014},
	pages = {1199--1228},
}

@misc{adobe_animate_2017,
  author={Adobe},
  title={Adobe Animate CC Website},
  year={2018},
  url={https://www.adobe.com/products/animate.html},
  note={Accessed: February, 01 2019},
}

@misc{adobe_flash2019,
  author={Adobe},
  title={Adobe - Flash Player},
  year={2018},
  url={https://get.adobe.com/flashplayer/},
  note={Accessed: February, 01 2019},
}


@inproceedings{deltour_limsee3_2006,
	address = {New York, NY, USA},
	series = {{DocEng} '06},
	title = {The {Limsee}3 {Multimedia} {Authoring} {Model}},
	isbn = {1-59593-515-0},
	url = {http://doi.acm.org/10.1145/1166160.1166203},
	doi = {10.1145/1166160.1166203},
	booktitle = {Proceedings of the 2006 {ACM} {Symposium} on {Document} {Engineering}},
	publisher = {ACM},
	author = {Deltour, Romain and Roisin, Cécile},
	year = {2006},
	keywords = {document authoring, document models, multimedia documents, template-based editing},
	pages = {173--175}
}

@misc{quint_nouguier_2019,
	title={LimSee3 Home Page},
	url={http://limsee3.gforge.inria.fr/public-site/index.html},
	journal={Limsee3.gforge.inria.fr},
	author={Quint, Vincent and Layaida, Nabil and Mikáč, Jan and Nouguier, Elodie},
	year={2019}
}

%%% AR authoring tools %%%
@inproceedings{sinem_authoring_2003,
	title = {Authoring 3D hypermedia for wearable augmented and virtual reality},
	url = {http://www.computer.org/csdl/proceedings/iswc/2003/2034/00/20340118.pdf},
	urldate = {2014-04-16},
	booktitle = {2012 16th {International} {Symposium} on {Wearable} {Computers}},
	publisher = {IEEE Computer Society},
	author = {Sinem, G. and Feiner, Steven},
	year = {2003},
	pages = {118--118},
}

@inproceedings{macintyre_dart_2004,
	title = {{DART}: a toolkit for rapid design exploration of augmented reality experiences},
	isbn = {978-1-58113-957-0},
	shorttitle = {{DART}},
	url = {http://portal.acm.org/citation.cfm?doid=1029632.1029669},
	doi = {10.1145/1029632.1029669},
	language = {en},
	urldate = {2018-01-29},
	publisher = {ACM Press},
	author = {MacIntyre, Blair and Gandy, Maribeth and Dow, Steven and Bolter, Jay David},
	year = {2004},
	pages = {197}
}

@inproceedings{lee_immersive_2004,
	title = {Immersive {Authoring} of {Tangible} {Augmented} {Reality} {Applications}},
	isbn = {978-0-7695-2191-6},
	url = {http://ieeexplore.ieee.org/document/1383054/},
	doi = {10.1109/ISMAR.2004.34},
	urldate = {2018-02-13},
	publisher = {IEEE},
	author = {Lee, G.A. and Nelles, C. and Billinghurst, M. and Kim, G.J.},
	year = {2004},
	pages = {172--181}
}

@article{lee_immersive_2005,
	title = {Immersive authoring: {What} {You} {eXperience} {Is} {What} {You} {Get} ({WYXIWYG})},
	volume = {48},
	issn = {00010782},
	shorttitle = {Immersive authoring},
	url = {http://portal.acm.org/citation.cfm?doid=1070838.1070840},
	doi = {10.1145/1070838.1070840},
	language = {en},
	number = {7},
	urldate = {2018-01-23},
	journal = {Communications of the ACM},
	author = {Lee, Gun A. and Kim, Gerard J. and Billinghurst, Mark},
	month = jul,
	year = {2005},
	pages = {76--81}
}

@inproceedings{shin_ar_2005,
	 title={AR storyboard: an augmented reality based interactive storyboard authoring tool},
  author={Shin, Midieum and Kim, Byung-soo and Park, Jun},
  booktitle={Fourth IEEE and ACM International Symposium on Mixed and Augmented Reality (ISMAR'05)},
  pages={198--199},
  year={2005},
  organization={IEEE},
  address = {Viena, Austria}
}

@inproceedings{henrysson_mobile_2005,
	title = {Mobile phone based {AR} scene assembly},
	isbn = {978-0-473-10658-4},
	url = {http://portal.acm.org/citation.cfm?doid=1149488.1149504},
	doi = {10.1145/1149488.1149504},
	language = {en},
	urldate = {2018-02-02},
	publisher = {ACM Press},
	author = {Henrysson, Anders and Ollila, Mark and Billinghurst, Mark},
	year = {2005},
	pages = {95}
}

@inproceedings{seichter_composar_2008,
	title = {{ComposAR}: {An} intuitive tool for authoring {AR} applications},
	shorttitle = {{ComposAR}},
	booktitle = {Proceedings of the 7th {IEEE}/{ACM} international symposium on mixed and augmented reality},
	publisher = {IEEE Computer Society},
	author = {Seichter, Hartmut and Looser, Julian and Billinghurst, Mark},
	year = {2008},
	pages = {177--178},
	address = {Washington, USA}
}

@incollection{natkin_multi-layer_2009,
	address = {Berlin, Heidelberg},
	title = {Multi-layer {Based} {Authoring} {Tool} for {Digilog} {Book}},
	volume = {5709},
	isbn = {978-3-642-04051-1 978-3-642-04052-8},
	url = {http://link.springer.com/10.1007/978-3-642-04052-8_26},
	urldate = {2018-02-13},
	booktitle = {Entertainment {Computing} – {ICEC} 2009},
	publisher = {Springer Berlin Heidelberg},
	author = {Park, Jonghee and Woo, Woontack},
	editor = {Natkin, Stéphane and Dupire, Jérôme},
	year = {2009},
	note = {DOI: 10.1007/978-3-642-04052-8\_26},
	pages = {234--239}
}

@inproceedings{ha_artalet_2010,
	title = {{ARtalet}: {Tangible} {User} {Interface} {Based} {Immersive} {Augmented} {Reality} {Authoring} {Tool} for {Digilog} {Book}},
	isbn = {978-1-4244-7702-9},
	shorttitle = {{ARtalet}},
	url = {http://ieeexplore.ieee.org/document/5557935/},
	doi = {10.1109/ISUVR.2010.20},
	urldate = {2018-01-23},
	publisher = {IEEE},
	author = {Ha, Taejin and Woo, Woontack and Lee, Youngho and Lee, Junhun and Ryu, Jeha and Choi, Hankyun and Lee, Kwanheng},
	month = jul,
	year = {2010},
	pages = {40--43}
}

@article{fitzgerald_creating_2012,
	title = {Creating user-generated content for location-based learning: an authoring framework: {Creating} user-generated content for location-based learning},
	volume = {28},
	issn = {02664909},
	shorttitle = {Creating user-generated content for location-based learning},
	url = {http://doi.wiley.com/10.1111/j.1365-2729.2012.00481.x},
	doi = {10.1111/j.1365-2729.2012.00481.x},
	language = {en},
	number = {3},
	urldate = {2018-01-23},
	journal = {Journal of Computer Assisted Learning},
	author = {FitzGerald, E.},
	month = jun,
	year = {2012},
	pages = {195--207},
}

@inproceedings{dunser_creating_2012,
	title = {Creating interactive physics education books with augmented reality},
	isbn = {978-1-4503-1438-1},
	url = {http://dl.acm.org/citation.cfm?doid=2414536.2414554},
	doi = {10.1145/2414536.2414554},
	language = {en},
	urldate = {2018-01-23},
	publisher = {ACM Press},
	author = {Dünser, Andreas and Walker, Lawrence and Horner, Heather and Bentall, Daniel},
	year = {2012},
	pages = {107--114}
}

@inproceedings{held_3d_2012,
	title = {3D puppetry: a kinect-based interface for 3D animation},
	isbn = {978-1-4503-1580-7},
	shorttitle = {3D puppetry},
	url = {http://dl.acm.org/citation.cfm?doid=2380116.2380170},
	doi = {10.1145/2380116.2380170},
	language = {en},
	urldate = {2018-01-23},
	publisher = {ACM Press},
	author = {Held, Robert and Gupta, Ankit and Curless, Brian and Agrawala, Maneesh},
	year = {2012},
	pages = {423}
}

@article{langlotz_sketching_2012,
	title = {Sketching up the world: in situ authoring for mobile {Augmented} {Reality}},
	volume = {16},
	issn = {1617-4909, 1617-4917},
	shorttitle = {Sketching up the world},
	url = {http://link.springer.com/10.1007/s00779-011-0430-0},
	doi = {10.1007/s00779-011-0430-0},
	language = {en},
	number = {6},
	urldate = {2018-01-23},
	journal = {Personal and Ubiquitous Computing},
	author = {Langlotz, Tobias and Mooslechner, Stefan and Zollmann, Stefanie and Degendorfer, Claus and Reitmayr, Gerhard and Schmalstieg, Dieter},
	month = aug,
	year = {2012},
	pages = {623--630}
}

@inproceedings{lucrecia_authorar_2013,
	title = {{AuthorAR}: {Authoring} tool for building educational activities based on {Augmented} {Reality}},
	isbn = {978-1-4673-6404-1 978-1-4673-6403-4 978-1-4673-6402-7},
	shorttitle = {{AuthorAR}},
	url = {http://ieeexplore.ieee.org/document/6567277/},
	doi = {10.1109/CTS.2013.6567277},
	urldate = {2018-01-23},
	publisher = {IEEE},
	author = {Lucrecia, Moralejo and Cecilia, Sanz and Patricia, Pesado and Sandra, Baldassarri},
	month = may,
	year = {2013},
	pages = {503--507}
}

@article{jee_augmented_2014,
	title = {An augmented reality-based authoring tool for {E}-learning applications},
	volume = {68},
	issn = {1380-7501, 1573-7721},
	url = {http://link.springer.com/10.1007/s11042-011-0880-4},
	doi = {10.1007/s11042-011-0880-4},
	language = {en},
	number = {2},
	urldate = {2018-01-23},
	journal = {Multimedia Tools and Applications},
	author = {Jee, Hyung-Keun and Lim, Sukhyun and Youn, Jinyoung and Lee, Junsuk},
	month = jan,
	year = {2014},
	pages = {225--235},
}

@article{langlotz_next-generation_2014,
	title = {Next-{Generation} {Augmented} {Reality} {Browsers}: {Rich}, {Seamless}, and {Adaptive}},
	volume = {102},
	issn = {0018-9219, 1558-2256},
	shorttitle = {Next-{Generation} {Augmented} {Reality} {Browsers}},
	url = {http://ieeexplore.ieee.org/document/6704316/},
	doi = {10.1109/JPROC.2013.2294255},
	number = {2},
	urldate = {2018-01-23},
	journal = {Proceedings of the IEEE},
	author = {Langlotz, Tobias and Nguyen, Thanh and Schmalstieg, Dieter and Grasset, Raphael},
	month = feb,
	year = {2014},
	pages = {155--169}
}

@incollection{pietro_cooltour_2016,
	address = {Cham},
	title = {{CoolTour}: {VR} and {AR} {Authoring} {Tool} to {Create} {Cultural} {Experiences}},
	volume = {55},
	isbn = {978-3-319-39344-5 978-3-319-39345-2},
	shorttitle = {{CoolTour}},
	url = {http://link.springer.com/10.1007/978-3-319-39345-2_42},
	urldate = {2018-01-23},
	booktitle = {Intelligent {Interactive} {Multimedia} {Systems} and {Services} 2016},
	publisher = {Springer International Publishing},
	author = {Barrena, Nagore and Navarro, Andrés and García, Sara and Oyarzun, David},
	editor = {Pietro, Giuseppe De and Gallo, Luigi and Howlett, Robert J. and Jain, Lakhmi C.},
	year = {2016},
	note = {DOI: 10.1007/978-3-319-39345-2\_42},
	pages = {483--489}
}

@inproceedings{cortes-davalos_collaborative_2016,
	title = {Collaborative {Web} {Authoring} of 3D {Surfaces} {Using} {Augmented} {Reality} on {Mobile} {Devices}},
	isbn = {978-1-5090-4470-2},
	url = {http://ieeexplore.ieee.org/document/7817130/},
	doi = {10.1109/WI.2016.0113},
	urldate = {2018-01-23},
	publisher = {IEEE},
	author = {Cortes-Davalos, Andres and Mendoza, Sonia},
	month = oct,
	year = {2016},
	pages = {640--643}
}

@article{vera_situar_2016,
	title = {{SITUAR}: {A} platform for in-situ augmented reality content creation},
	volume = {1},
	shorttitle = {{SITUAR}},
	number = {1},
	journal = {Avances en Interacción Humano-Computadora},
	author = {Vera, Fernando and Sánchez, J. Alfredo},
	year = {2016},
	pages = {90--92},
}


@incollection{sucar_platform_2017,
	address = {Cham},
	title = {A {Platform} for {Creating} {Augmented} {Reality} {Content} by {End} {Users}},
	volume = {179},
	isbn = {978-3-319-49621-4 978-3-319-49622-1},
	url = {http://link.springer.com/10.1007/978-3-319-49622-1_18},
	urldate = {2018-01-23},
	booktitle = {Applications for {Future} {Internet}},
	publisher = {Springer International Publishing},
	author = {Vera, Fernando and Sánchez, J. Alfredo and Cervantes, Ofelia},
	editor = {Sucar, Enrique and Mayora, Oscar and Munoz de Cote, Enrique},
	year = {2017},
	note = {DOI: 10.1007/978-3-319-49622-1\_18},
	pages = {167--171},
}


@article{maia_lagarto_2017,
	title = {{LAGARTO}: {A} {LocAtion} based {Games} {AuthoRing} {TOol} enhanced with augmented reality features},
	volume = {22},
	issn = {18759521},
	shorttitle = {{LAGARTO}},
	url = {http://linkinghub.elsevier.com/retrieve/pii/S1875952117300502},
	doi = {10.1016/j.entcom.2017.05.001},
	language = {en},
	urldate = {2018-01-23},
	journal = {Entertainment Computing},
	author = {Maia, Luís Fernando and Nolêto, Carleandro and Lima, Messias and Ferreira, Cristiane and Marinho, Cláudia and Viana, Windson and Trinta, Fernando},
	month = jul,
	year = {2017},
	pages = {3--13},
}

%%% Tangible user interfaces %%%


@article{ishii_tangible_2008,
	title = {The tangible user interface and its evolution},
	volume = {51},
	issn = {00010782},
	url = {http://portal.acm.org/citation.cfm?doid=1349026.1349034},
	doi = {10.1145/1349026.1349034},
	language = {en},
	number = {6},
	urldate = {2018-02-02},
	journal = {Communications of the ACM},
	author = {Ishii, Hiroshi},
	month = jun,
	year = {2008},
	pages = {32}
}

%%% AVALIACAO %%%%%%%

@phdthesis{davis1985technology,
  title={A technology acceptance model for empirically testing new end-user information systems: Theory and results},
  author={Davis, Fred D},
  year={1985},
  school={Massachusetts Institute of Technology}
}

@article{davis1989user,
  title={User acceptance of computer technology: a comparison of two theoretical models},
  author={Davis, Fred D and Bagozzi, Richard P and Warshaw, Paul R},
  journal={Management science},
  volume={35},
  number={8},
  pages={982--1003},
  year={1989},
  publisher={INFORMS}
}

@article{venkatesh2000theoretical,
  title={A theoretical extension of the technology acceptance model: Four longitudinal field studies},
  author={Venkatesh, Viswanath and Davis, Fred D},
  journal={Management science},
  volume={46},
  number={2},
  pages={186--204},
  year={2000},
  publisher={INFORMS}
}

@article{davis_perceived_1989,
	title = {Perceived {Usefulness}, {Perceived} {Ease} of {Use}, and {User} {Acceptance} of {Information} {Technology}},
	volume = {13},
	issn = {02767783},
	url = {http://www.jstor.org/stable/249008?origin=crossref},
	doi = {10.2307/249008},
	number = {3},
	urldate = {2018-01-23},
	journal = {MIS Quarterly},
	author = {Davis, Fred D.},
	month = sep,
	year = {1989},
	pages = {319}
}

@article{alraimi2015understanding,
  title={Understanding the MOOCs continuance: The role of openness and reputation},
  author={Alraimi, Khaled M and Zo, Hangjung and Ciganek, Andrew P},
  journal={Computers \& Education},
  volume={80},
  pages={28--38},
  year={2015},
  publisher={Elsevier}
}

@article{pavlou2003consumer,
  title={Consumer acceptance of electronic commerce: Integrating trust and risk with the technology acceptance model},
  author={Pavlou, Paul A},
  journal={International journal of electronic commerce},
  volume={7},
  number={3},
  pages={101--134},
  year={2003},
  publisher={Taylor \& Francis}
}

@article{vagias2006likert,
  title={Likert-type Scale Response Anchors. Clemson International Institute for Tourism},
  author={Vagias, Wade M},
  journal={\& Research Development, Department of Parks, Recreation and Tourism Management, Clemson University},
  year={2006}
}

@inproceedings{mendes2018exploring,
  title={Exploring an AR-based User Interface for Authoring Multimedia Presentations},
  author={Mendes, Paulo Renato Concei{\c{c}}{\~a}o and de Albuquerque Azevedo, Roberto Gerson and de Oliveira, Ruy Guilherme Silva Gomes and de Salles Soares Neto, Carlos},
  booktitle={Proceedings of the ACM Symposium on Document Engineering 2018},
  pages={9},
  year={2018},
  organization={ACM},
  address={Halifax, Canada}
}

@article{kuccuk2016learning,
  title={Learning anatomy via mobile augmented reality: effects on achievement and cognitive load},
  author={K{\"u}{\c{c}}{\"u}k, Sevda and Kapakin, Samet and G{\"o}kta{\c{s}}, Y{\"u}ksel},
  journal={Anatomical sciences education},
  volume={9},
  number={5},
  pages={411--421},
  year={2016},
  publisher={Wiley Online Library}
}